@ARTICLE{bowman:reasoning,
	AUTHOR = "Mic Bowman and Saumya K. Debray and Larry L. Peterson",
	TITLE = "Reasoning About Naming Systems",
	JOURNAL = "ACM Trans. Program. Lang. Syst.",
	VOLUME = {15},
	NUMBER = {5},
	PAGES = {795-825},
	MONTH = "November",
	YEAR = {1993}	}

@ARTICLE{braams:babel,
	AUTHOR = "Johannes Braams",
	TITLE = "Babel, a Multilingual Style-Option System for Use with LaTeX's Standard Document Styles",
	JOURNAL = {TUGboat},
	VOLUME = {12},
	NUMBER = {2},
	PAGES = {291-301},
	MONTH = "June",
	YEAR = {1991}	}

@INPROCEEDINGS{clark:pct,
	AUTHOR = "Malcolm Clark",
	TITLE = "Post Congress Tristesse",
	BOOKTITLE = "TeX90 Conference Proceedings",
	PAGES = "84-89",
	ORGANIZATION = "TeX Users Group",
	MONTH = "March", 
	YEAR = {1991}	}

@ARTICLE{herlihy:methodology,
	AUTHOR = "Maurice Herlihy",
	TITLE = "A Methodology for Implementing Highly Concurrent
	Data Objects",
	JOURNAL = {ACM Trans. Program. Lang. Syst.},
	VOLUME = {15},
	NUMBER = {5},
	PAGES = {745-770},
	MONTH = "November",
	YEAR = {1993}	}

@BOOK{Lamport:LaTeX,
	AUTHOR = "Leslie Lamport",
	TITLE = "LaTeX User's Guide and Document Reference Manual",
	PUBLISHER = "Addison-Wesley Publishing Company",
	ADDRESS = "Reading, Massachusetts",
	YEAR = "1986"	}

@BOOK{salas:calculus,
	AUTHOR = "S.L. Salas and Einar Hille",
	TITLE = "Calculus: One and Several Variable",
	PUBLISHER = "John Wiley and Sons",
	ADDRESS = "New York",
	YEAR = "1978"	}


@ARTICLE{aan:anthology,
		YEAR = {2013},
		ISSN = {1574-020X},
		JOURNAL = {Language Resources and Evaluation},
		DOI = {10.1007/s10579-012-9211-2},
		TITLE = "The ACL anthology network corpus",
		URL = {http://dx.doi.org/10.1007/s10579-012-9211-2},
		PUBLISHER = "Springer Netherlands",
		AUTHOR = "DragomirR. Radev and Pradeep Muthukrishnan and Vahed Qazvinian and Amjad Abu-Jbara",
		PAGES = {1-26}
		 }
	  

@INPROCEEDINGS{Nguyen:2007,
  TITLE = "Key phrase Extraction in Scientific Publications",
  AUTHOR = "Thuy Dung Nguyen and Min-Yen Kan",
  BOOKTITLE = "Proceeding of International Conference on Asian Digital Libraries",
  YEAR = {2007},
  PAGES = {317-326}
}

@inproceedings{DBLP:conf/ecir/HamidHT16,
  author    = {Fahmida Hamid and
               David Haraburda and
               Paul Tarau},
  title     = {Evaluating Text Summarization Systems with a Fair Baseline from Multiple
               Reference Summaries},
  booktitle = {Advances in Information Retrieval - 38th European Conference on {IR}
               Research, {ECIR} 2016, Padua, Italy, March 20-23, 2016. Proceedings},
  pages     = {351--365},
  year      = {2016},
  crossref  = {DBLP:conf/ecir/2016},
  url       = {http://dx.doi.org/10.1007/978-3-319-30671-1_26},
  doi       = {10.1007/978-3-319-30671-1_26},
  timestamp = {Fri, 11 Mar 2016 14:07:43 +0100},
  biburl    = {http://dblp.uni-trier.de/rec/bib/conf/ecir/HamidHT16},
  bibsource = {dblp computer science bibliography, http://dblp.org}
}
@inproceedings{Mihalcea04TextRank,
  added-at = {2010-03-05T20:13:35.000+0100},
  author = {Mihalcea, R. and Tarau, P.},
  biburl = {http://www.bibsonomy.org/bibtex/20d96cef99428b30c4a5ac67241b34e45/lee_peck},
  booktitle = {Proceedings of {EMNLP-04}and the 2004 Conference on Empirical Methods 	in Natural Language Processing},
  interhash = {96f84312a3d752053ca89636151aab51},
  intrahash = {0d96cef99428b30c4a5ac67241b34e45},
  keywords = {04 Mihalcea TextRank extraction graph keyword text},
  location = {Barcelonaand Spain},
  month = {July},
  timestamp = {2010-03-05T20:13:35.000+0100},
  title = {{TextRank}: Bringing Order into Texts},
  year = 2004
}
@inproceedings{Medelyan:2009:HTU:1699648.1699678,
 author = {Medelyan, Olena and Frank, Eibe and Witten, Ian H.},
 title = {Human-competitive Tagging Using Automatic Keyphrase Extraction},
 booktitle = {Proceedings of the 2009 Conference on Empirical Methods in Natural Language Processing: Volume 3 - Volume 3},
 series = {EMNLP '09},
 year = {2009},
 isbn = {978-1-932432-63-3},
 location = {Singapore},
 pages = {1318--1327},
 numpages = {10},
 url = {http://dl.acm.org/citation.cfm?id=1699648.1699678},
 acmid = {1699678},
 publisher = {Association for Computational Linguistics},
 address = {Stroudsburg, PA, USA},
} 

@inproceedings{Witten:1999:KPA:313238.313437,
 author = {Witten, Ian H. and Paynter, Gordon W. and Frank, Eibe and Gutwin, Carl and Nevill-Manning, Craig G.},
 title = {KEA: Practical Automatic Keyphrase Extraction},
 booktitle = {Proceedings of the Fourth ACM Conference on Digital Libraries},
 series = {DL '99},
 year = {1999},
 isbn = {1-58113-145-3},
 location = {Berkeley, California, USA},
 pages = {254--255},
 numpages = {2},
 url = {http://doi.acm.org/10.1145/313238.313437},
 doi = {10.1145/313238.313437},
 acmid = {313437},
 publisher = {ACM},
 address = {New York, NY, USA},
} 

@ARTICLE{Medelyan08domainindependent,
    author = {Olena Medelyan and Ian H. Witten},
    title = {Domain independent automatic keyphrase indexing with small training sets},
    journal = {J. Am. Soc. Information Science and Technology},
    year = {2008}
}

@misc{rose2011rapid,
  title={Rapid Automatic Keyword Extraction for Information Retrieval and Analysis},
  author={Rose, S.J. and Cowley, W.E. and Crow, V.L. and Cramer, N.O.},
  url={https://www.google.com/patents/US20110060747},
  year={2011},
  month=mar # "~10",
  publisher={Google Patents},
  note={US Patent App. 12/555,916}
}

@inproceedings{Kim:2010:STA:1859664.1859668,
 author = {Kim, Su Nam and Medelyan, Olena and Kan, Min-Yen and Baldwin, Timothy},
 title = {SemEval-2010 Task 5: Automatic Keyphrase Extraction from Scientific Articles},
 booktitle = {Proceedings of the 5th International Workshop on Semantic Evaluation},
 series = {SemEval '10},
 year = {2010},
 location = {Los Angeles, California},
 pages = {21--26},
 numpages = {6},
 url = {http://dl.acm.org/citation.cfm?id=1859664.1859668},
 acmid = {1859668},
 publisher = {Association for Computational Linguistics},
 address = {Stroudsburg, PA, USA},
} 

@INPROCEEDINGS{Nguyen07keyphraseextraction,
    author = {Thuy Dung Nguyen and Min-yen Kan},
    title = {Keyphrase extraction in scientific publications},
    booktitle = {In Proc. of International Conference on Asian Digital Libraries (ICADL â€™07},
    year = {2007},
    pages = {317--326},
    publisher = {Springer}
}

@ARTICLE{bowman:reasoning,
	AUTHOR = "Mic Bowman and Saumya K. Debray and Larry L. Peterson",
	TITLE = "Reasoning About Naming Systems",
	JOURNAL = "ACM Trans. Program. Lang. Syst.",
	VOLUME = {15},
	NUMBER = {5},
	PAGES = {795-825},
	MONTH = "November",
	YEAR = {1993}	}

@ARTICLE{braams:babel,
	AUTHOR = "Johannes Braams",
	TITLE = "Babel, a Multilingual Style-Option System for Use with LaTeX's Standard Document Styles",
	JOURNAL = {TUGboat},
	VOLUME = {12},
	NUMBER = {2},
	PAGES = {291-301},
	MONTH = "June",
	YEAR = {1991}	}

@INPROCEEDINGS{clark:pct,
	AUTHOR = "Malcolm Clark",
	TITLE = "Post Congress Tristesse",
	BOOKTITLE = "TeX90 Conference Proceedings",
	PAGES = "84-89",
	ORGANIZATION = "TeX Users Group",
	MONTH = "March", 
	YEAR = {1991}	}

@ARTICLE{herlihy:methodology,
	AUTHOR = "Maurice Herlihy",
	TITLE = "A Methodology for Implementing Highly Concurrent
	Data Objects",
	JOURNAL = {ACM Trans. Program. Lang. Syst.},
	VOLUME = {15},
	NUMBER = {5},
	PAGES = {745-770},
	MONTH = "November",
	YEAR = {1993}	}

@BOOK{Lamport:LaTeX,
	AUTHOR = "Leslie Lamport",
	TITLE = "LaTeX User's Guide and Document Reference Manual",
	PUBLISHER = "Addison-Wesley Publishing Company",
	ADDRESS = "Reading, Massachusetts",
	YEAR = "1986"	}

@BOOK{salas:calculus,
	AUTHOR = "S.L. Salas and Einar Hille",
	TITLE = "Calculus: One and Several Variable",
	PUBLISHER = "John Wiley and Sons",
	ADDRESS = "New York",
	YEAR = "1978"	}

@inproceedings{Goldstein:1999:STD:312624.312665,
 author = {Goldstein, Jade and Kantrowitz, Mark and Mittal, Vibhu and Carbonell, Jaime},
 title = {Summarizing Text Documents: Sentence Selection and Evaluation Metrics},
 booktitle = {Proceedings of the 22Nd Annual International ACM SIGIR Conference on Research and Development in Information Retrieval},
 series = {SIGIR '99},
 year = {1999},
 isbn = {1-58113-096-1},
 location = {Berkeley, California, USA},
 pages = {121--128},
 numpages = {8},
 url = {http://doi.acm.org/10.1145/312624.312665},
 doi = {10.1145/312624.312665},
 acmid = {312665},
 publisher = {ACM},
 address = {New York, NY, USA},
} 
@inproceedings{Lin:2003:AES:1073445.1073465,
 author = {Lin, Chin-Yew and Hovy, Eduard},
 title = {Automatic Evaluation of Summaries Using N-gram Co-occurrence Statistics},
 booktitle = {Proceedings of the 2003 Conference of the North American Chapter of the Association for Computational Linguistics on Human Language Technology - Volume 1},
 series = {NAACL '03},
 year = {2003},
 location = {Edmonton, Canada},
 pages = {71--78},
 numpages = {8},
 url = {http://dx.doi.org/10.3115/1073445.1073465},
 doi = {10.3115/1073445.1073465},
 acmid = {1073465},
 publisher = {Association for Computational Linguistics},
 address = {Stroudsburg, PA, USA},
} 
@article{Nenkova:2007:PMI:1233912.1233913,
 author = {Nenkova, Ani and Passonneau, Rebecca and McKeown, Kathleen},
 title = {The Pyramid Method: Incorporating Human Content Selection Variation in Summarization Evaluation},
 journal = {ACM Trans. Speech Lang. Process.},
 issue_date = {May 2007},
 volume = {4},
 number = {2},
 month = may,
 year = {2007},
 issn = {1550-4875},
 articleno = {4},
 url = {http://doi.acm.org/10.1145/1233912.1233913},
 doi = {10.1145/1233912.1233913},
 acmid = {1233913},
 publisher = {ACM},
 address = {New York, NY, USA},
 keywords = {Evaluation, semantic analysis, summarization},
} 
@inproceedings{Lin:2002:MAE:1118162.1118168,
 author = {Lin, Chin-Yew and Hovy, Eduard},
 title = {Manual and Automatic Evaluation of Summaries},
 booktitle = {Proceedings of the ACL-02 Workshop on Automatic Summarization - Volume 4},
 series = {AS '02},
 year = {2002},
 location = {Phildadelphia, Pennsylvania},
 pages = {45--51},
 numpages = {7},
 url = {http://dx.doi.org/10.3115/1118162.1118168},
 doi = {10.3115/1118162.1118168},
 acmid = {1118168},
 publisher = {Association for Computational Linguistics},
 address = {Stroudsburg, PA, USA},
} 
@inproceedings{Lin04rouge:a,
    author = {Chin-Yew Lin},
    title = {Rouge: a package for automatic evaluation of summaries},
    booktitle = {},
    year = {2004},
    pages = {25--26}
}
@article{Salton:1997:ATS:256268.256282,
 author = {Salton, Gerard and Singhal, Amit and Mitra, Mandar and Buckley, Chris},
 title = {Automatic Text Structuring and Summarization},
 journal = {Inf. Process. Manage.},
 issue_date = {March 1997},
 volume = {33},
 number = {2},
 month = mar,
 year = {1997},
 issn = {0306-4573},
 pages = {193--207},
 numpages = {15},
 url = {http://dx.doi.org/10.1016/S0306-4573(96)00062-3},
 doi = {10.1016/S0306-4573(96)00062-3},
 acmid = {256282},
 publisher = {Pergamon Press, Inc.},
 address = {Tarrytown, NY, USA},
} 
@article{384,
    address = {International Business Machines Corporation Yorktown Heights, New York},
    author = {Rath, G. J. and Resnick, A. and Savage, T. R.},
    booktitle = {American Documentation},
    citeulike-article-id = {7716599},
    citeulike-linkout-0 = {http://dx.doi.org/10.1002/asi.5090120210},
    doi = {10.1002/asi.5090120210},
    issn = {1936-6108},
    keywords = {summarization},
    pages = {139-141+},
    posted-at = {2010-08-26 23:16:56},
    priority = {4},
    title = {{The formation of abstracts by the selection of sentences. Part I. Sentence selection by men and machines}},
    url = {http://dx.doi.org/10.1002/asi.5090120210},
    volume = {12},
    year = {1961}
}
@INPROCEEDINGS{Marcu97fromdiscourse,
    author = {Daniel Marcu},
    title = {From Discourse Structures to Text Summaries},
    booktitle = {In Proceedings of the ACL Workshop on Intelligent Scalable Text Summarization},
    year = {1997},
    pages = {82--88}
}
@inproceedings{DBLP:conf/acl/ManiM01,
  author    = {Inderjeet Mani and
               Mark T. Maybury},
  title     = {Automatic Summarization},
  booktitle = {Association for Computational Linguistic, 39th Annual Meeting and
               10th Conference of the European Chapter, Companion Volume to the Proceedings
               of the Conference: Proceedings of the Student Research Workshop and
               Tutorial Abstracts, July 9-11, 2001, Toulouse, France.},
  pages     = {5},
  year      = {2001},
  crossref  = {DBLP:conf/acl/2001c},
  timestamp = {Fri, 23 Dec 2011 14:54:24 +0100},
  biburl    = {http://dblp.uni-trier.de/rec/bib/conf/acl/ManiM01},
  bibsource = {dblp computer science bibliography, http://dblp.org}
}
@inproceedings{Lin:2004a,
  added-at = {2011-03-14T01:04:42.000+0100},
  author = {Lin, C. Y.},
  biburl = {http://www.bibsonomy.org/bibtex/22abe74091d7fc87539ba1cef2f55868e/lantiq},
  booktitle = {Proceedings of the NTCIR Workshop 4},
  file = {full text:Lin2004a.pdf:PDF},
  groups = {public},
  year = {2004},
  interhash = {113f74ee7e0b38ae895bec9c89f7d33c},
  intrahash = {2abe74091d7fc87539ba1cef2f55868e},
  keywords = {language summarization NLP},
  timestamp = {2011-08-28T03:09:06.000+0200},
  title = {Looking for a Few Good Metrics: Automatic Summarization Evaluation - How Many Samples are Enough?},
  username = {lantiq}
}
@inproceedings{DBLP:conf/naacl/NenkovaP04,
  author    = {Ani Nenkova and
               Rebecca J. Passonneau},
  title     = {Evaluating Content Selection in Summarization: The Pyramid Method},
  booktitle = {{HLT-NAACL}},
  pages     = {145--152},
  year      = {2004},
  url       = {http://acl.ldc.upenn.edu/hlt-naacl2004/main/pdf/91_Paper.pdf},
  timestamp = {Tue, 18 Jan 2005 08:31:20 +0100},
  biburl    = {http://dblp.uni-trier.de/rec/bib/conf/naacl/NenkovaP04},
  bibsource = {dblp computer science bibliography, http://dblp.org}
}
@MISC{Page99thepagerank,
    author = {Lawrence Page and Sergey Brin and Rajeev Motwani and Terry Winograd},
    title = {The PageRank Citation Ranking: Bringing Order to the Web},
    year = {1999}
}

@book{Jones:1996:ENL:547445,
 author = {Jones, Karen Sparck and Galliers, Julia R.},
 title = {Evaluating Natural Language Processing Systems: An Analysis and Review},
 year = {1996},
 isbn = {3540613099},
 publisher = {Springer-Verlag New York, Inc.},
 address = {Secaucus, NJ, USA},
} 
@inproceedings{Papineni:2002:BMA:1073083.1073135,
 author = {Papineni, Kishore and Roukos, Salim and Ward, Todd and Zhu, Wei-Jing},
 title = {BLEU: A Method for Automatic Evaluation of Machine Translation},
 booktitle = {Proceedings of the 40th Annual Meeting on Association for Computational Linguistics},
 series = {ACL '02},
 year = {2002},
 location = {Philadelphia, Pennsylvania},
 pages = {311--318},
 numpages = {8},
 url = {http://dx.doi.org/10.3115/1073083.1073135},
 doi = {10.3115/1073083.1073135},
 acmid = {1073135},
 publisher = {Association for Computational Linguistics},
 address = {Stroudsburg, PA, USA},
} 
@book{Graham1994,
  title={Concrete mathematics: a foundation for computer science},
  author={Graham, R.L. and Knuth, D.E. and Patashnik, O.},
  isbn={9780201558029},
  lccn={93040325},
  year={1994},
  publisher={Addison-Wesley}
}
@INPROCEEDINGS{Hovy06automatedsummarization,
    author = {Eduard Hovy and Chin-yew Lin and Liang Zhou and Junichi Fukumoto},
    title = {Automated Summarization Evaluation with Basic Elements},
    booktitle = {In Proceedings of the Fifth Conference on Language Resources and Evaluation (LREC},
    year = {2006}
}
@inproceedings{H01-1056,
    author = {D.R. Radev and S. Blair-Goldensohn and Z. Zhang and R.S. Raghavan},
    booktitle = {Proceedings of the First International Conference on Human Language Technology Research},
    title = {NewsInEssence: A System For Domain-Independent, Real-Time News Clustering and Multi-Document Summarization},
    url = {http://www.aclweb.org/anthology/H01-1056},
    year = {2001},
    }
@inproceedings{Pitler:2010:AEL:1858681.1858737,
 author = {Pitler, Emily and Louis, Annie and Nenkova, Ani},
 title = {Automatic Evaluation of Linguistic Quality in Multi-document Summarization},
 booktitle = {Proceedings of the 48th Annual Meeting of the Association for Computational Linguistics},
 series = {ACL '10},
 year = {2010},
 location = {Uppsala, Sweden},
 pages = {544--554},
 numpages = {11},
 url = {http://dl.acm.org/citation.cfm?id=1858681.1858737},
 acmid = {1858737},
 publisher = {Association for Computational Linguistics},
 address = {Stroudsburg, PA, USA},
} 
@article{nenkova-vanderwende-2005,
    author = {Nenkova, Ani and Vanderwende, Lucy},
    citeulike-article-id = {10155390},
    journal = {Microsoft Research, Redmond, Washington, Tech. Rep. MSR-TR-2005-101},
    keywords = {summarization},
    posted-at = {2011-12-20 22:19:18},
    priority = {0},
    title = {{The impact of frequency on summarization}},
    year = {2005}
}
@Inproceedings {export:69253,
author       = {Liang Zhou and Chin-Yew Lin and Dragos Stefan Munteanu and Eduard Hovy},
month        = {April},
publisher    = {Association for Computational Linguistics},
title        = {ParaEval: Using Paraphrases to Evaluate Summaries Automatically},
url          = {http://research.microsoft.com/apps/pubs/default.aspx?id=69253},
year         = {2006},
}
@article{Kendall1938,
 jstor_articletype = {research-article},
 title = {A New Measure of Rank Correlation},
 author = {Kendall, M. G.},
 journal = {Biometrika},
 jstor_issuetitle = {},
 volume = {30},
 number = {1/2},
 jstor_formatteddate = {Jun., 1938},
 pages = {pp. 81-93},
 url = {http://www.jstor.org/stable/2332226},
 ISSN = {00063444},
 abstract = {},
 language = {English},
 year = {1938},
 publisher = {Oxford University Press on behalf of Biometrika Trust},
 copyright = {Copyright Â© 1938 Biometrika Trust},
}
@article{Spearman1904,
 jstor_articletype = {research-article},
 title = {The Proof and Measurement of Association between Two Things},
 author = {Spearman, C.},
 journal = {The American Journal of Psychology},
 jstor_issuetitle = {},
 volume = {15},
 number = {1},
 jstor_formatteddate = {Jan., 1904},
 pages = {pp. 72-101},
 url = {http://www.jstor.org/stable/1412159},
 ISSN = {00029556},
 abstract = {},
 language = {English},
 year = {1904},
 publisher = {University of Illinois Press},
 copyright = {},
}
@article{Miller1990,
  added-at = {2010-09-03T15:19:16.000+0200},
  author = {Miller, G. A. and Beckwith, R. and Fellbaum, C. and Gross, D. and Miller, K. J.},
  biburl = {http://www.bibsonomy.org/bibtex/260751ad9587adaa781251b17d00ca2c3/tgunkel},
  interhash = {d61e6e1fa4584d5eb7724c52454d3209},
  intrahash = {60751ad9587adaa781251b17d00ca2c3},
  journal = {International Journal of Lexicography},
  keywords = {diplom wordnet},
  number = 4,
  owner = {BlEv},
  pages = {235-244},
  timestamp = {2010-09-03T15:19:16.000+0200},
  title = {{Introduction to WordNet: an on-line lexical database}},
  url = {http://wordnetcode.princeton.edu/5papers.pdf},
  volume = 3,
  year = 1990
}



